<collection xmlns="http://www.loc.gov/MARC21/slim">
<record>
  <leader>01798nam0a22003611i 450 </leader>
  <controlfield tag="001">IT\ICCU\CNCE\023159</controlfield>
  <controlfield tag="005">20080131000000.0</controlfield>
  <datafield tag="012" ind1=" " ind2=" ">
    <subfield code="a">ian- riii t;1. vtta (3) 1571 (R)</subfield>
    <subfield code="2">fei</subfield>
  </datafield>
  <datafield tag="100" ind1=" " ind2=" ">
    <subfield code="a">19970627d1571        0itac0103    ba</subfield>
  </datafield>
  <datafield tag="101" ind1=" " ind2=" ">
    <subfield code="a">LAT</subfield>
  </datafield>
  <datafield tag="102" ind1=" " ind2=" ">
    <subfield code="a">IT</subfield>
  </datafield>
  <datafield tag="200" ind1="1" ind2=" ">
    <subfield code="a">Summa totius Theologiae d. Thomae Aquinatis ... cum commentariis ... Thomae de Vio Caietani ...</subfield>
  </datafield>
  <datafield tag="210" ind1=" " ind2=" ">
    <subfield code="a">Romae</subfield>
    <subfield code="c">(apud Iulium Accoltum)</subfield>
    <subfield code="d">1571</subfield>
  </datafield>
  <datafield tag="215" ind1=" " ind2=" ">
    <subfield code="a">363 c.</subfield>
    <subfield code="d">fol</subfield>
  </datafield>
  <datafield tag="300" ind1=" " ind2=" ">
    <subfield code="a">Annullata, cfr. 67641</subfield>
  </datafield>
  <datafield tag="620" ind1=" " ind2=" ">
    <subfield code="a">IT</subfield>
    <subfield code="d">Roma</subfield>
  </datafield>
  <datafield tag="700" ind1=" " ind2="0">
    <subfield code="a">Tommaso</subfield>
    <subfield code="c"> : d&apos;Aquino</subfield>
    <subfield code="c"> &lt;santo&gt;</subfield>
    <subfield code="3">IT\ICCU\CNCA\000195</subfield>
  </datafield>
  <datafield tag="702" ind1=" " ind2="1">
    <subfield code="a">De_Vio,</subfield>
    <subfield code="b">Tommaso</subfield>
    <subfield code="3">IT\ICCU\CNCA\001139</subfield>
  </datafield>
  <datafield tag="712" ind1="0" ind2="0">
    <subfield code="a">Accolti, Giulio</subfield>
    <subfield code="3">IT\ICCU\CNCT\000104</subfield>
    <subfield code="4">650</subfield>
  </datafield>
  <datafield tag="790" ind1=" " ind2="0">
    <subfield code="a">Thomas</subfield>
    <subfield code="c"> : de#Aquino</subfield>
    <subfield code="c"> &lt;santo&gt;</subfield>
    <subfield code="3">IT\ICCU\CNCA\009350</subfield>
    <subfield code="z">Tommaso : d&apos;Aquino &lt;santo&gt;</subfield>
  </datafield>
  <datafield tag="790" ind1=" " ind2="1">
    <subfield code="a">Vio,</subfield>
    <subfield code="b">Thomas : de</subfield>
    <subfield code="3">IT\ICCU\CNCA\006584</subfield>
    <subfield code="z">De_Vio, Tommaso</subfield>
  </datafield>
  <datafield tag="790" ind1=" " ind2="0">
    <subfield code="a">Caietanus</subfield>
    <subfield code="3">IT\ICCU\CNCA\007739</subfield>
    <subfield code="z">De_Vio, Tommaso</subfield>
  </datafield>
  <datafield tag="791" ind1="0" ind2="0">
    <subfield code="a">Bolani, Giulio</subfield>
    <subfield code="3">IT\ICCU\CNCT\002964</subfield>
    <subfield code="z">Accolti, Giulio</subfield>
  </datafield>
  <datafield tag="791" ind1="0" ind2="0">
    <subfield code="a">Bolano degli Accolti, Giulio</subfield>
    <subfield code="3">IT\ICCU\CNCT\003005</subfield>
    <subfield code="z">Accolti, Giulio</subfield>
  </datafield>
  <datafield tag="791" ind1="0" ind2="0">
    <subfield code="a">Accolto, Giulio</subfield>
    <subfield code="3">IT\ICCU\CNCT\004216</subfield>
    <subfield code="z">Accolti, Giulio</subfield>
  </datafield>
  <datafield tag="791" ind1="0" ind2="0">
    <subfield code="a">Accoltus, Iulius</subfield>
    <subfield code="3">IT\ICCU\CNCT\004217</subfield>
    <subfield code="z">Accolti, Giulio</subfield>
  </datafield>
  <datafield tag="801" ind1=" " ind2="3">
    <subfield code="a">IT</subfield>
    <subfield code="b">ICCU</subfield>
    <subfield code="c">20201114</subfield>
  </datafield>
  <datafield tag="899" ind1=" " ind2=" ">
    <subfield code="a">Biblioteca del Clero di S. Alessandro in Colonna (depositata presso Bibl. mons. G.M. Radini Tedeschi). Bergamo</subfield>
    <subfield code="1">BG0043</subfield>
    <subfield code="2">LO1 56</subfield>
  </datafield>
  <datafield tag="899" ind1=" " ind2=" ">
    <subfield code="a">Biblioteca provinciale dei Cappuccini. Firenze</subfield>
    <subfield code="1">FI0041</subfield>
    <subfield code="2">RT1 PC</subfield>
  </datafield>
  <datafield tag="899" ind1=" " ind2=" ">
    <subfield code="a">Biblioteca della Casa della Missione. Genova</subfield>
    <subfield code="1">GE0200</subfield>
    <subfield code="2">ZGE 19</subfield>
  </datafield>
  <datafield tag="899" ind1=" " ind2=" ">
    <subfield code="a">Biblioteca comunale Francesco Scavo. Carini</subfield>
    <subfield code="1">PA0021</subfield>
    <subfield code="2">PAL 49</subfield>
  </datafield>
  <datafield tag="899" ind1=" " ind2=" ">
    <subfield code="a">Biblioteca statale del Monumento nazionale S. Scolastica. Subiaco</subfield>
    <subfield code="1">RM0602</subfield>
    <subfield code="2">BVE SU</subfield>
  </datafield>
  <datafield tag="899" ind1=" " ind2=" ">
    <subfield code="a">Biblioteca della Pontificia Universit ̉S. Tommaso d&apos;Aquino. Roma</subfield>
    <subfield code="1">RM0669</subfield>
    <subfield code="2">ZRM 43</subfield>
  </datafield>
</record>
</collection>
